@manual{man7,
  title        = {proc(5) - process information pseudo-filesystem},
  author       = {{Linux Programmer's Manual}},
  year         = {2017},
  month        = {03},
  day          = {13},
  organization = {Linux},
  url          = {https://man7.org/linux/man-pages/man5/proc.5.html},
  note         = {Online; accessed 2024-06-20}
}

@manual{kernel-doc,
  title        = {/proc Filesystem},
  author       = {{The Linux Kernel Documentation}},
  year         = {2023},
  version      = {5.10},
  organization = {Linux Kernel Organization},
  url          = {https://www.kernel.org/doc/html/latest/filesystems/proc.html},
  note         = {Online; accessed 2024-06-20}
}

@online{tldp,
  title        = {The /proc Filesystem},
  author       = {{Linux Documentation Project}},
  year         = {2002},
  month        = {12},
  day          = {22},
  url          = {https://tldp.org/LDP/Linux-Filesystem-Hierarchy/html/proc.html},
  urldate      = {2024-06-20}
}

@article{ibm,
  title        = {Linux 的 /proc 文件系统内容详解},
  author       = {{IBM Developer}},
  year         = {2018},
  month        = {05},
  day          = {09},
  journal      = {IBM Developer China},
  url          = {https://developer.ibm.com/zh/articles/l-proc/},
  urldate      = {2024-06-20},
  language     = {zh}
}

@manual{ubuntu,
  title        = {proc filesystem},
  author       = {{Ubuntu Documentation}},
  year         = {2023},
  organization = {Canonical Ltd.},
  url          = {https://help.ubuntu.com/community/LinuxFilesystemTree/proc},
  note         = {Online; accessed 2024-06-20}
}


